@Book{mm,
  author = 	 {Riley, K. F. and Hobson, M. P. and Bence, S. J.},
  title = 	 {Mathematical Methods for Physics and Engineering},
  publisher = 	 {Cambridge University Press},
  year = 	 {2006},
  edition = 	 {$3^{rd}$},
}

@Book{em,
  author = 	 {Griffiths, D. J.},
  title = 	 {Introduction to Electrodynamics},
  publisher = 	 {Addison Wesley},
  year = 	 {2012},
  edition = 	 {$4^{th}$},
}

@Book{nr,
  author = 	 {Press, W. H. and Teukolsky, S. A. and Vetterling, W. T. and Flannery, B. P.},
  title = 	 {Numerical Recipes: The Art of Scientific Computing},
  publisher = 	 {Cambridge University Press},
  year = 	 {2007},
  edition = 	 {$3^{rd}$},
}

@Article{,
     author    = "",
     title     = "",
     journal   = "",
     volume    = "",
     year      = "",
     pages     = "",
}

@Misc{,
  author =       "",
  title =        "",
  year =         "",
}
